%% This BibTeX bibliography file was created using BibDesk.
%% http://bibdesk.sourceforge.net/

%% Created for Forrest Parker at 2017-05-30 05:41:51 -0700 


%% Saved with string encoding Unicode (UTF-8) 



@manual{GAP4,
	Key = {GAP},
	Org = {The GAP~Group},
	Title = {{GAP -- Groups, Algorithms, and Programming, Version 4.8.7}},
	Url = {\verb+(http://www.gap-system.org)+},
	Year = 2017,
	Bdsk-Url-1 = {%5Cverb+(http://www.gap-system.org)+}}

@article{MR3250446,
	Author = {Bogley, W. A.},
	Doi = {10.1016/j.jalgebra.2014.07.009},
	Fjournal = {Journal of Algebra},
	Issn = {0021-8693},
	Journal = {J. Algebra},
	Mrclass = {20F05 (20E36)},
	Mrnumber = {3250446},
	Mrreviewer = {Valeriy G. Bardakov},
	Pages = {154--173},
	Title = {On shift dynamics for cyclically presented groups},
	Url = {http://dx.doi.org/10.1016/j.jalgebra.2014.07.009},
	Volume = {418},
	Year = {2014},
	Bdsk-Url-1 = {http://dx.doi.org/10.1016/j.jalgebra.2014.07.009}}
